<record><leader>00000cas a2200000 a 4500</leader><controlfield tag="001">2269349</controlfield><controlfield tag="008">760620d193u1964dcuwr ne      0   a0eng c</controlfield><datafield ind1=" " ind2=" " tag="010"><subfield code="a">sn 84025928 </subfield></datafield><datafield ind1=" " ind2=" " tag="040"><subfield code="a">PIT</subfield><subfield code="b">eng</subfield><subfield code="c">PIT</subfield><subfield code="d">COO</subfield><subfield code="d">NSD</subfield><subfield code="d">NPV</subfield><subfield code="d">NPI</subfield><subfield code="d">NPH</subfield><subfield code="d">DLC</subfield><subfield code="d">IUL</subfield><subfield code="d">NLG</subfield><subfield code="d">NYS</subfield><subfield code="d">CNW</subfield><subfield code="d">NVK</subfield><subfield code="d">NVF</subfield><subfield code="d">DLC</subfield><subfield code="d">DCN</subfield><subfield code="d">OCL</subfield><subfield code="d">OCLCQ</subfield><subfield code="d">OCLCF</subfield><subfield code="d">OCLCO</subfield></datafield><datafield ind1=" " ind2=" " tag="022"><subfield code="a">0043-0447</subfield></datafield><datafield ind1=" " ind2=" " tag="042"><subfield code="a">pcc</subfield></datafield><datafield ind1=" " ind2=" " tag="043"><subfield code="a">n-us-dc</subfield></datafield><datafield ind1="0" ind2="0" tag="050"><subfield code="a">Newspaper</subfield></datafield><datafield ind1="0" ind2=" " tag="130"><subfield code="a">Washington Afro-American (Washington, D.C. : Red Star ed.)</subfield></datafield><datafield ind1="1" ind2="0" tag="245"><subfield code="a">Washington Afro-American.</subfield></datafield><datafield ind1="1" ind2="3" tag="246"><subfield code="a">Afro-American</subfield></datafield><datafield ind1=" " ind2=" " tag="250"><subfield code="a">Red Star ed.</subfield></datafield><datafield ind1=" " ind2=" " tag="260"><subfield code="a">Washington, D.C. :</subfield><subfield code="b">Afro-American Co.,</subfield><subfield code="c">-1964.</subfield></datafield><datafield ind1=" " ind2=" " tag="300"><subfield code="a">v.</subfield></datafield><datafield ind1=" " ind2=" " tag="310"><subfield code="a">Weekly</subfield></datafield><datafield ind1="1" ind2=" " tag="362"><subfield code="a">Began Aug. 1937.</subfield></datafield><datafield ind1="0" ind2=" " tag="362"><subfield code="a">-72nd yr., no. 84 (May 5, 1964).</subfield></datafield><datafield ind1=" " ind2=" " tag="500"><subfield code="a">Published on Tuesday.</subfield></datafield><datafield ind1=" " ind2=" " tag="515"><subfield code="a">Numbered consecutively with Blue Star ed. (published on Saturday).</subfield></datafield><datafield ind1="8" ind2=" " tag="521"><subfield code="a">"Black publication."</subfield></datafield><datafield ind1=" " ind2=" " tag="530"><subfield code="a">Also issued on microfilm from Micro Photo Division of Bell &amp; Howell.</subfield></datafield><datafield ind1=" " ind2=" " tag="580"><subfield code="a">Other ed.: Afro-American (Baltimore, Md. : National ed), 1947-1964.</subfield></datafield><datafield ind1=" " ind2=" " tag="580"><subfield code="a">Richmond eds.: Afro-American and the Richmond Planet, 1938-1939, and: Richmond Afro-American and Richmond Planet (Richmond, Va. : 1939), 1939, and: Richmond Afro-American, 1939-1941, and: Richmond Afro-American and Richmond Planet (Richmond, Va. : 1941), 1941-1964.</subfield></datafield><datafield ind1=" " ind2=" " tag="588"><subfield code="a">Description based on: 46th year, no. 2 (Aug. 21, 1937).</subfield></datafield><datafield ind1=" " ind2="0" tag="650"><subfield code="a">African Americans</subfield><subfield code="z">Washington (D.C.)</subfield><subfield code="v">Newspapers.</subfield></datafield><datafield ind1=" " ind2="0" tag="651"><subfield code="a">Washington (D.C.)</subfield><subfield code="v">Newspapers.</subfield></datafield><datafield ind1=" " ind2="7" tag="655"><subfield code="a">Newspapers.</subfield><subfield code="2">fast</subfield><subfield code="0">(OCoLC)fst01423814</subfield></datafield><datafield ind1=" " ind2="7" tag="650"><subfield code="a">African Americans.</subfield><subfield code="2">fast</subfield><subfield code="0">(OCoLC)fst00799558</subfield></datafield><datafield ind1=" " ind2="7" tag="651"><subfield code="a">Washington (D.C.)</subfield><subfield code="2">fast</subfield><subfield code="0">(OCoLC)fst01204505</subfield></datafield><datafield ind1=" " ind2=" " tag="752"><subfield code="a">United States</subfield><subfield code="b">District of Columbia</subfield><subfield code="d">Washington.</subfield></datafield><datafield ind1="0" ind2=" " tag="775"><subfield code="t">Afro-American (Baltimore, Md. : 1915)</subfield><subfield code="w">(DLC)sn 83045829</subfield></datafield><datafield ind1="1" ind2=" " tag="775"><subfield code="t">Afro-American (Baltimore, Md. : National ed.)</subfield><subfield code="w">(DLC)sn 85047583</subfield></datafield><datafield ind1="0" ind2=" " tag="775"><subfield code="t">Washington Afro American (Washington, D.C.)</subfield><subfield code="w">(DLC)sn 87062261</subfield><subfield code="w">(OCoLC)16156417</subfield></datafield><datafield ind1="1" ind2=" " tag="775"><subfield code="t">Afro-American and the Richmond Planet</subfield><subfield code="w">(DLC)sn 84025920</subfield></datafield><datafield ind1="1" ind2=" " tag="775"><subfield code="t">Richmond Afro-American and Richmond Planet (Richmond, Va. : 1939)</subfield><subfield code="w">(DLC)sn 84025921</subfield></datafield><datafield ind1="1" ind2=" " tag="775"><subfield code="t">Richmond Afro-American</subfield><subfield code="w">(DLC)sn 84025922</subfield></datafield><datafield ind1="1" ind2=" " tag="775"><subfield code="t">Richmond Afro-American and Richmond Planet (Richmond, Va. : 1941)</subfield><subfield code="w">(DLC)sn 84025923</subfield></datafield><datafield ind1="0" ind2=" " tag="775"><subfield code="t">Afro-American (Baltimore, Md : South Carolina-North Carolina ed.)</subfield><subfield code="w">(DLC)sn 96095004</subfield></datafield><datafield ind1="0" ind2=" " tag="775"><subfield code="t">New Jersey Afro American</subfield><subfield code="w">(DLC)sn 84025926</subfield></datafield><datafield ind1="0" ind2=" " tag="775"><subfield code="t">Afro-American (Philadelphia, Pa. : 1934)</subfield><subfield code="w">(DLC)sn 84025924</subfield></datafield><datafield ind1="0" ind2=" " tag="775"><subfield code="t">Philadelphia Afro-American</subfield><subfield code="w">(DLC)sn 83045816</subfield></datafield><datafield ind1="0" ind2="1" tag="780"><subfield code="t">Afro-American (Washington, D.C.: Washington ed.)</subfield><subfield code="w">(DLC)sn 96095001</subfield></datafield><datafield ind1="0" ind2="0" tag="785"><subfield code="t">Washington Afro-American and the Washington tribune (Washington, D.C. : Red Star ed.)</subfield><subfield code="x">0276-6523</subfield><subfield code="w">(DLC)sn 81003305</subfield><subfield code="w">(OCoLC)7383870</subfield></datafield></record>